<record><leader>00000cas a22000007a 4500</leader><controlfield tag="001">17963838</controlfield><controlfield tag="008">880517d18801903nyuwr ne      0    0eng d</controlfield><datafield ind1=" " ind2=" " tag="010"><subfield code="a">sn 88074379 </subfield></datafield><datafield ind1=" " ind2=" " tag="040"><subfield code="a">NYS</subfield><subfield code="b">eng</subfield><subfield code="c">NYS</subfield><subfield code="d">OCLCQ</subfield></datafield><datafield ind1=" " ind2=" " tag="042"><subfield code="a">msc</subfield></datafield><datafield ind1="0" ind2=" " tag="130"><subfield code="a">Schuylerville standard (Schuylerville, N.Y. : 1880)</subfield></datafield><datafield ind1="1" ind2="0" tag="245"><subfield code="a">Schuylerville standard.</subfield></datafield><datafield ind1="1" ind2="3" tag="246"><subfield code="a">Greenwich and Schuylerville town talk</subfield><subfield code="f">1903</subfield></datafield><datafield ind1=" " ind2=" " tag="260"><subfield code="a">Schuylerville, N.Y. :</subfield><subfield code="b">[s.n.]</subfield></datafield><datafield ind1=" " ind2=" " tag="300"><subfield code="a">v.</subfield></datafield><datafield ind1=" " ind2=" " tag="310"><subfield code="a">Weekly</subfield></datafield><datafield ind1="1" ind2=" " tag="362"><subfield code="a">Began in Oct. 1880.</subfield></datafield><datafield ind1="0" ind2=" " tag="362"><subfield code="a">-v. 33, no. 51 (Apr. 23, 1903).</subfield></datafield><datafield ind1=" " ind2=" " tag="500"><subfield code="a">Publishers: D.T. Elmer, &lt;1881&gt;-&lt;1885&gt;; F.N. Crandall, &lt;1886&gt;-&lt;1892&gt;; Philip A. Allen, &lt;1893&gt;-Nov. 27, 1901; Ostrander &amp; Allen, Dec. 4, 1901-Sept. 17, 1902; C.C. Allen, Sept. 24, 1902-Apr. 23, 1903.</subfield></datafield><datafield ind1=" " ind2=" " tag="515"><subfield code="a">Issues for Oct. 13-Nov. 4, 1880 numbered v. 2, but constitute v. 10.</subfield></datafield><datafield ind1=" " ind2=" " tag="515"><subfield code="a">Includes section titled: Greenwich and Schuylerville town talk, Jan. 22-Apr. 23, 1903 with separate numbering: Vol. 3, no. 20-v. 3, no. 33.</subfield></datafield><datafield ind1=" " ind2=" " tag="588"><subfield code="a">Description based on: Vol. 2, no. 24 (Oct. 13, 1880).</subfield></datafield><datafield ind1=" " ind2="4" tag="651"><subfield code="a">Schuylerville (N.Y.)</subfield><subfield code="v">Newspapers.</subfield></datafield><datafield ind1=" " ind2="4" tag="651"><subfield code="a">Greenwich (N.Y.)</subfield><subfield code="v">Newspapers.</subfield></datafield><datafield ind1=" " ind2=" " tag="752"><subfield code="a">United States</subfield><subfield code="b">New York</subfield><subfield code="c">Saratoga</subfield><subfield code="d">Schuylerville.</subfield></datafield><datafield ind1="0" ind2="0" tag="780"><subfield code="t">Standard (Schuylerville, N.Y. : 1879)</subfield><subfield code="w">(DLC)sn 88074378</subfield></datafield><datafield ind1="0" ind2="0" tag="785"><subfield code="t">Schuylerville standard and Greenwich and Schuylerville town talk</subfield><subfield code="w">(DLC)sn 88074380</subfield></datafield><datafield ind1="1" ind2=" " tag="029"><subfield code="a">AU@</subfield><subfield code="b">000020521730</subfield></datafield></record>